@ARTICLE{Forlizzi,
   AUTHOR  = {Forlizzi, J. and DiSalvo, C. and Gemperle, F.},
   TITLE   = {Assistive Robotics and an Ecology of Elders Living Independently in Their Homes},  
   YEAR    = {2004},
   JOURNAL = "",
   VOLUME  = "",
   NUMBER  = {},
   url     = {http://dx.doi.org/10.1080/07370024.2004.9667339}
}

@ARTICLE{Diepenhorst,
   AUTHOR  = {Diepenhorst, M. and Weijnen T. and Van Free, F.},
   TITLE   = {Kosteneffectiviteit van hulphonden },  
   YEAR    = {2011},
   JOURNAL = "",
   VOLUME  = "",
   NUMBER  = {}
}

@ARTICLE{Evers,
   AUTHOR  = {Evers, ir. H. and Blijham, ir. N. and Willems, dr. C.},
   TITLE   = {Zorg op afstand, literatuurstudie  naar internationale ontwikkelingen en kennis over effecten},  
   YEAR    = {2009},
   JOURNAL = "",
   VOLUME  = "",
   NUMBER  = {}
}

@ONLINE{autosmiley,
author  = {Watson, T.},
title   = {Autosmiley},
month   = feb,
year    = {2012},
url     = {http://fffff.at/auto-smiley/}
}

@ONLINE{plane,
author  = {Bohg, J.},
title   = {Fast Plane Detector},
month   = feb,
year    = {2012},
url     = {http://www.ros.org/wiki/fast\_plane\_detection}
}

@ONLINE{tabletop,
author  = {Muja, M.},
title   = {Tabletop Object Detector},
month   = feb,
year    = {2012},
url     = {http://www.ros.org/wiki/tabletop\_object\_detector}
}

@ARTICLE{Roboearth,
   AUTHOR  = {Schie{\ss}le, B. and H\"ausermann, K. and Zweigle, O.},
   TITLE   = {Robots sharing a knowledge base for world modeling and learning of actions},  
   YEAR    = {2010},
   JOURNAL = "",
   VOLUME  = "",
   NUMBER  = {D6.1}
}

@Book{jacobian,
  title={Control in robotics and automation: sensor-based integration},
  author={Ghosh, B.K. and Xi, N. and Tarn, T.J.},
  isbn={9780122818455},
  lccn={98038975},
  series={Academic Press series in engineering},
  url={http://books.google.nl/books?id=qT6tHTQoRDAC},
  year={1999},
  publisher={Academic Press}
}

@Book{braitenberg,
  title={Vehicles: experiments in synthetic psychology},
  author={Braitenberg, V.},
  isbn={9780262521123},
  lccn={84009727},
  series={Bradford Books},
  url={http://books.google.nl/books?id=7KkUAT\_q\_sQC},
  year={1986},
  publisher={MIT Press}
}
